@article{Bannwarth2019,
    doi = {10.1021/acs.jctc.8b01176},
    author = {Bannwarth, Christoph and Ehlert, Sebastian and Grimme, Stefan},
    journal = {J. Chem. Theory Comput.},
    title = {GFN2-xTBâ€”An Accurate and Broadly Parametrized Self-Consistent Tight-Binding Quantum Chemical Method with Multipole Electrostatics and Density-Dependent Dispersion Contributions},
    year = {2019},
    volume = {15},
    issue = {3},
    pages = {1652--1671},
}

@article{Grimme2019,
    doi = {10.1021/acs.jctc.9b00143},
    author = {Grimme, Stefan},
    journal = {J. Chem. Theory Comput.},
    title = {Exploration of Chemical Compound, Conformer, and Reaction Space with Meta-Dynamics Simulations Based on Tight-Binding Quantum Chemical Calculations},
    year = {2019},
    volume = {15},
    issue = {5},
    pages = {2847--2862},
}

@article{Grimme2015,
    doi = {10.1063/1.4927476},
    author = {Grimme, Stefan and Brandenburg, Jan Gerit and Bannwarth, Christoph and Hansen, Andreas},
    journal = {J. Chem. Phys.},
    title = {Consistent structures and interactions by density functional theory with small atomic orbital basis sets},
    year = {2015},
    volume = {143},
    issue = {5},
    pages = {054107},
}

@article{Sun2013,
    doi = {10.1002/hlca.201200068},
    author = {Sun, Yisheng and Zhao, Zhao and Feng, Qiangsheng and Xu, Qinqin and L{\"u}, Longxian and Liu, Ji-Kai and Zhang, Ling and Wu, Bin and Li, Yong-Quan},
    journal = {Helv. Chim. Acta},
    title = {Unusual Spirodecane Sesquiterpenes and a Fumagillol Analogue from Cordyceps ophioglossoides},
    year = {2013},
    volume = {96},
    issue = {1},
    pages = {76--84},
}

@article{Reddy2016,
    doi = {10.1021/acs.orglett.6b02341},
    author = {Reddy, D. Sai and Kutateladze, Andrei G.},
    journal = {Org. Lett.},
    title = {Structure Revision of an Acorane Sesquiterpene Cordycepol A},
    year = {2016},
    volume = {18},
    issue = {19},
    pages = {4860--4863},
}
