@article{Elfstrom2005,
    doi = {10.1042/BJ20050526},
    author = {Elfstr{\"o}m, LisaÂ T. and Widersten, Mikael},
    journal = {Biochem. J.},
    title = {Catalysis of potato epoxide hydrolase, StEH1},
    year = {2005},
    volume = {390},
    issue = {2},
    pages = {633--640},
}

@article{Morisseau2005,
    doi = {10.1146/annurev.pharmtox.45.120403.095920},
    author = {Morisseau, Christophe and Hammock, Bruce D.},
    journal = {Annu. Rev. Pharmacol. Toxicol.},
    title = {EPOXIDE HYDROLASES: Mechanisms, Inhibitor Designs, and Biological Roles},
    year = {2005},
    volume = {45},
    issue = {1},
    pages = {311--333},
}

@article{Mowbray2006,
    doi = {10.1110/ps.051792106},
    author = {Mowbray, Sherry L. and Elfstr{\"o}m, Lisa T. and Ahlgren, Kerstin M. and Andersson, C. Evalena and Widersten, Mikael},
    journal = {Protein Sci.},
    title = {X-ray structure of potato epoxide hydrolase sheds light on substrate specificity in plant enzymes},
    year = {2006},
    volume = {15},
    issue = {7},
    pages = {1628--1637},
}
