@article{Grimme2011,
    doi = {10.1002/jcc.21759},
    author = {Grimme, Stefan and Ehrlich, Stephan and Goerigk, Lars},
    journal = {J. Comput. Chem.},
    title = {Effect of the damping function in dispersion corrected density functional theory},
    year = {2011},
    volume = {32},
    issue = {7},
    pages = {1456--1465},
}

@article{Woodcock2007,
    doi = {10.1021/ja068899t},
    author = {Woodcock, H. Lee and Moran, Damian and Brooks, Bernard R. and Schleyer, Paul v. R. and Schaefer, Henry F.},
    journal = {J. Am. Chem. Soc.},
    title = {Carbene Stabilization by Aryl Substituents. Is Bigger Better?},
    year = {2007},
    volume = {129},
    issue = {12},
    pages = {3763--3770},
}

@article{Weinhold2016,
    doi = {10.1080/0144235X.2016.1192262},
    author = {Weinhold, F. and Landis, C.R. and Glendening, E.D.},
    journal = {Int. Rev. Phys. Chem.},
    title = {What is NBO analysis and how is it useful?},
    year = {2016},
    volume = {35},
    issue = {3},
    pages = {399--440},
}

@article{Chen2005,
    doi = {10.1021/cr030088+},
    author = {Chen, Zhongfang and Wannere, Chaitanya S. and Corminboeuf, Cl{\'e}mence and Puchta, Ralph and Schleyer, Paul von Ragu{\'e}},
    journal = {Chem. Rev.},
    title = {Nucleus-Independent Chemical Shifts (NICS) as an Aromaticity Criterion},
    year = {2005},
    volume = {105},
    issue = {10},
    pages = {3842--3888},
}
